@misc{website:higgs_press,
      author = "CERN",
      title = "Press Conference: Update on the search for the {Higgs} boson at {CERN} on 4 {July} 2012",
      month = "June",
      year = "2012",
      howpublished = "\url{http://indico.cern.ch/event/196564/#}"
},

@article{new_higgs,
    	author    = "The CMS Collaboration",
	note = {\url{http://arxiv.org/pdf/1207.7235v2.pdf}},
	title     = "Observation of a new boson at a mass of 125 {GeV} with the {CMS} experiment at the {LHC}",
    	journal   = "Physics Letters B",
    	volume   = "716",
    	number   = "1",
    	pages    = "30-61",
    	year      = "2013",
    	month    = "January",
    	
},

@article{higgs_predict,
	author = "P.W. Higgs",
	title = "Broken Symmetries, Massless Particles and Gauge Fields",
	journal = "Physics Letters",
	volume = "12",
	number = "2",
	pages = "132-133",
	year = "1964",
	month = "September",
	note = "\url{http://ac.els-cdn.com.proxybz.lib.montana.edu/0031916364911369/1-s2.0-0031916364911369-main.pdf?_tid=421a6d50-e092-11e4-9fae-00000aab0f6b&acdnat=1428788130_f08d5fb23e00c9c41da7bcc724435630}"
},
